@inproceedings{NP-complete,
  added-at = {2012-05-31T00:00:00.000+0200},
  author = {Engel, Jakob and Holzer, Markus and Ruepp, Oliver and Sehnke, Frank},
  biburl = {http://www.bibsonomy.org/bibtex/221308dcf83b1c1f1a2b614bda1255d7f/dblp},
  booktitle = {FUN},
  editor = {Kranakis, Evangelos and Krizanc, Danny and Luccio, Flaminia L.},
  ee = {http://dx.doi.org/10.1007/978-3-642-30347-0_15},
  interhash = {2bc9a4799c420ef4c9cf67aa6f83e24f},
  intrahash = {21308dcf83b1c1f1a2b614bda1255d7f},
  isbn = {978-3-642-30346-3},
  keywords = {dblp},
  pages = {131-141},
  publisher = {Springer},
  series = {Lecture Notes in Computer Science},
  timestamp = {2012-06-01T11:35:53.000+0200},
  title = {On Computer Integrated Rationalized Crossword Puzzle Manufacturing.},
  url = {http://dblp.uni-trier.de/db/conf/fun/fun2012.html#EngelHRS12},
  volume = 7288,
  year = 2012
}

@inproceedings{proverb,
  added-at = {2012-12-11T00:00:00.000+0100},
  author = {Keim, Greg A. and Shazeer, Noam M. and Littman, Michael L. and Agarwal, Sushant and Cheves, Catherine M. and Fitzgerald, Joseph and Grosland, Jason and Jiang, Fan and Pollard, Shannon and Weinmeister, Karl},
  biburl = {http://www.bibsonomy.org/bibtex/24fc3c3e08d2135c6dbe66dd378a75697/dblp},
  booktitle = {AAAI/IAAI},
  editor = {Hendler, Jim and Subramanian, Devika},
  ee = {http://www.aaai.org/Library/AAAI/1999/aaai99-101.php},
  interhash = {2bbba95872ddf59e313858c47cb96d5d},
  intrahash = {4fc3c3e08d2135c6dbe66dd378a75697},
  isbn = {0-262-51106-1},
  keywords = {dblp},
  pages = {710-717},
  publisher = {AAAI Press / The MIT Press},
  timestamp = {2012-12-12T11:44:36.000+0100},
  title = {PROVERB: The Probabilistic Cruciverbalist.},
  url = {http://dblp.uni-trier.de/db/conf/aaai/aaai99.html#KeimSLACFGJPW99},
  year = 1999
}

@INPROCEEDINGS{GCV,
    author = {David E. Goldschmidt and Mukkai Krishnamoorthy},
    title = {Solving crossword puzzles via the google api},
    booktitle = {In Proceedings of the IADIS International Conference WWW/Internet},
    year = {2004},
    pages = {382--389}
}
